<?xml version="1.0" encoding="UTF-8"?><collection xmlns="http://www.loc.gov/MARC21/slim"><record><leader>00581nam--2200193-i-4500</leader><controlfield tag="001">000019256</controlfield><controlfield tag="002">20161230</controlfield><controlfield tag="005">20161230201033</controlfield><controlfield tag="008">060222s1000------------r-----000-0-eng-d</controlfield><datafield ind1=" " ind2=" " tag="020"><subfield code="a">0850660351</subfield></datafield><datafield ind1=" " ind2=" " tag="040"><subfield code="a">IFIN-HH</subfield></datafield><datafield ind1=" " ind2=" " tag="080"><subfield code="a">537.56</subfield></datafield><datafield ind1="1" ind2=" " tag="100"><subfield code="a">Emeleus, K. G</subfield></datafield><datafield ind1="1" ind2="0" tag="245"><subfield code="a">Discharges in electronegative gases</subfield><subfield code="b">Collected reasearches on discharges in strongly electronegative gases</subfield><subfield code="c">K.g. emeleus, g.a. woolsey</subfield></datafield><datafield ind1=" " ind2=" " tag="260"><subfield code="a">London</subfield><subfield code="b">Taylor &amp; Francis Ltd</subfield><subfield code="c">1970</subfield></datafield><datafield ind1=" " ind2=" " tag="300"><subfield code="a">VIII + 162 P</subfield></datafield><datafield ind1="1" ind2=" " tag="700"><subfield code="a">Woolsey, G.A</subfield></datafield><datafield ind1=" " ind2=" " tag="852"><subfield code="a">35071</subfield><subfield code="c">537.52</subfield></datafield><datafield ind1=" " ind2=" " tag="CAT"><subfield code="a">Sys</subfield><subfield code="c">20110804</subfield><subfield code="h">101525</subfield></datafield></record></collection>